@misc{nibib_ct,
    key =          {National Institute of Biomedical Imaging and Bioengineering},
	title =        {Computed Tomography (CT)},
	howpublished = "In: \emph{National Institute of Biomedical Imaging and Bioengineering} [Online]. [cited on 10 April 2021]. Available from: \url{https://www.nibib.nih.gov/science-education/science-topics/computed-tomography-ct}",
}

@misc{kaggle_competition,
    author =       {{Radiological Society of North America}},
	title =        {RSNA Intracranial Hemorrhage Detection},
	year={2019},
	month={11},
	howpublished = "\emph{Kaggle} [Online]. [cited on 10 April 2021]. Available from: \url{https://www.kaggle.com/c/rsna-intracranial-hemorrhage-detection/overview}"
}

@article{VANASCH2010167,
    title = {Incidence, case fatality, and functional outcome of intracerebral haemorrhage over time, according to age, sex, and ethnic origin: a systematic review and meta-analysis},
    journal = {The Lancet Neurology},
    volume = {9},
    number = {2},
    pages = {167-176},
    year = {2010},
    issn = {1474-4422},
    doi = {https://doi.org/10.1016/S1474-4422(09)70340-0},
    url = {https://www.sciencedirect.com/science/article/pii/S1474442209703400},
    author = {Charlotte JJ {van Asch} and Merel JA Luitse and Gabriël JE Rinkel and Ingeborg {van der Tweel} and Ale Algra and Catharina JM Klijn}
}

@book{naidich2012imaging,
      title={Imaging of the Brain: Expert Radiology Series},
      author={Naidich, T.P. and Castillo, M. and Cha, S. and Smirniotopoulos, J.G.},
      isbn={9781416050094},
      lccn={2012540505},
      series={Expert Radiology},
      pages = {387-398, 576-595},
      year={2012},
      publisher={Elsevier Health Sciences}
}

@book{urden2019priorities,
  title={Priorities in Critical Care Nursing - E-Book},
  author={Urden, L.D. and Stacy, K.M. and Lough, M.E.},
  isbn={9780323544955},
  url={https://books.google.cz/books?id=jySDDwAAQBAJ},
  year={2019},
  pages={305},
  publisher={Elsevier Health Sciences}
}

@article{FREEMAN2012211,
    title = {Intracranial Hemorrhage: Diagnosis and Management},
    journal = {Neurologic Clinics},
    volume = {30},
    number = {1},
    pages = {211-240},
    year = {2012},
    note = {Neurologic Emergencies},
    issn = {0733-8619},
    doi = {https://doi.org/10.1016/j.ncl.2011.09.002},
    url = {https://www.sciencedirect.com/science/article/pii/S073386191100079X},
    author = {William David Freeman and Maria I. Aguilar}
}

@article{CACERES2012771,
    title = {Intracranial Hemorrhage},
    journal = {Emergency Medicine Clinics of North America},
    volume = {30},
    number = {3},
    pages = {771-794},
    year = {2012},
    note = {Acute Ischemic Stroke},
    issn = {0733-8627},
    doi = {https://doi.org/10.1016/j.emc.2012.06.003},
    url = {https://www.sciencedirect.com/science/article/pii/S0733862712000272},
    author = {J. Alfredo Caceres and Joshua N. Goldstein}
}

@incollection{LEV2002427,
    title = {17 - CT Angiography and CT Perfusion Imaging},
    editor = {Arthur W. Toga and John C. Mazziotta},
    booktitle = {Brain Mapping: The Methods (Second Edition)},
    publisher = {Academic Press},
    edition = {Second Edition},
    address = {San Diego},
    pages = {427-484},
    year = {2002},
    isbn = {978-0-12-693019-1},
    doi = {https://doi.org/10.1016/B978-012693019-1/50019-8},
    url = {https://www.sciencedirect.com/science/article/pii/B9780126930191500198},
    author = {M.H. Lev and R.G. Gonzalez}
}

@incollection{KAMALIAN20163,
    title = {Chapter 1 - Computed tomography imaging and angiography – principles},
    editor = {Joseph C. Masdeu and R. Gilberto González},
    series = {Handbook of Clinical Neurology},
    publisher = {Elsevier},
    volume = {135},
    pages = {3-20},
    year = {2016},
    booktitle = {Neuroimaging Part I},
    issn = {0072-9752},
    howpublised = {[Online][visited on 10 April 2021]},
    doi = {https://doi.org/10.1016/B978-0-444-53485-9.00001-5},
    url = {https://www.sciencedirect.com/science/article/pii/B9780444534859000015},
    author = {Shervin Kamalian and Michael H. Lev and Rajiv Gupta}
}

@misc{murphy_windowing,
    author =       {{Murphy, A. et al.}},
	title =        {Windowing (CT)},
	howpublished = "In: \emph{Radiopedia.org, the wiki-base collaborative Radiology resource} [Online]. [cited on 12 April 2021]. Available from: \url{https://radiopaedia.org/articles/windowing-ct}",
}

@misc{ANN_handbook_1,
    author =       {Jayesh Bapu Ahire},
	title =        {The Artificial Neural Networks Handbook: Part 1},
	howpublished = "In: \emph{LaptrinhX} [Online]. [cited on 10 April 2021]. Available from: \url{https://laptrinhx.com/the-artificial-neural-networks-handbook-part-1-3205072211/}",
}

@article {Kuo22737,
	author = {Kuo, Weicheng and Hane, Christian and Mukherjee, Pratik and Malik, Jitendra and Yuh, Esther L.},
	title = {Expert-level detection of acute intracranial hemorrhage on head computed tomography using deep learning},
	volume = {116},
	number = {45},
	pages = {22737--22745},
	year = {2019},
	doi = {10.1073/pnas.1908021116},
	publisher = {National Academy of Sciences},
	issn = {0027-8424},
	URL = {https://www.pnas.org/content/116/45/22737},
	journal = {Proceedings of the National Academy of Sciences}
}

@article {Cho2019,
    author = {{Cho, J. et al.}},
    title = {Improving Sensitivity on Identification and Delineation of Intracranial Hemorrhage Lesion Using Cascaded Deep Learning Models},
    volume = {32},
    pages = {450–461},
    year = {2019},
    journal = {Journal of Digital Imaging},
    URL = {https://doi.org/10.1007/s10278-018-00172-1},
    doi = {10.1007/s10278-018-00172-1}
}

@article {Chang1609,
	author = {Chang, P.D. and Kuoy, E. and Grinband, J. and Weinberg, B.D. and Thompson, M. and Homo, R. and Chen, J. and Abcede, H. and Shafie, M. and Sugrue, L. and Filippi, C.G. and Su, M.-Y. and Yu, W. and Hess, C. and Chow, D.},
	title = {Hybrid 3D/2D Convolutional Neural Network for Hemorrhage Evaluation on Head CT},
	volume = {39},
	number = {9},
	pages = {1609--1616},
	year = {2018},
	doi = {10.3174/ajnr.A5742},
	issn = {0195-6108},
	URL = {http://www.ajnr.org/content/39/9/1609},
	eprint = {http://www.ajnr.org/content/39/9/1609.full.pdf},
	journal = {American Journal of Neuroradiology}
}

@article{DBLP:1710-04934,
  author    = {Monika Grewal and Muktabh Mayank Srivastava and Pulkit Kumar and Srikrishna Varadarajan},
  title     = {{RADNET:} Radiologist Level Accuracy using Deep Learning for {HEMORRHAGE} detection in {CT} Scans},
  journal   = {CoRR},
  volume    = {abs/1710.04934},
  year      = {2017},
  url       = {http://arxiv.org/abs/1710.04934},
  archivePrefix = {arXiv},
  eprint    = {1710.04934},
  timestamp = {Mon, 13 Aug 2018 16:47:44 +0200},
  biburl    = {https://dblp.org/rec/journals/corr/abs-1710-04934.bib},
  bibsource = {dblp computer science bibliography, https://dblp.org}
}

@article{oliveira_2017, 
  title={A System Based on Artificial Neural Networks for Automatic Classification of Hydro-generator Stator Windings Partial Discharges}, 
  volume={16}, 
  DOI={10.1590/2179-10742017v16i3854}, 
  number={3}, 
  journal={Journal of Microwaves, Optoelectronics and Electromagnetic Applications}, 
  author={Oliveira, Rodrigo M. and Araújo, Ramon C. and Barros, Fabrício J. and Segundo, Adriano Paranhos and Zampolo, Ronaldo F. and Fonseca, Wellington and Dmitriev, Victor and Brasil, Fernando S.}, 
  year={2017}, 
  pages={628–645}
} 

@article{act_fnc_2020,
  author={{Sharma, S. et al.}},
  title={Activation functions in neural networks},
  journal={International Journal of Engineering Applied Sciences and Technology},
  volume={4},
  number={12},
  year={2020},
  pages={310-316},
  issn={2455-2143}
}

@misc{confusion_matrix,
    author =       {Anisha M Jain},
	title =        {Confusion Matrix},
	howpublished = "In: \emph{Medium} [Online]. [cited on 19 April 2021]. Available from: \url{https://medium.com/@anishajain2910/confusion-matrix-30249214041d}",
}

@misc{roc_auc_google,
    author =       {{Google Developers}},
	title =        {Confusion Matrix},
	howpublished = "In: \emph{Google Machine Learning Crash Course} [Online]. [cited on 20 April 2021]. Available from: \url{https://developers.google.com/machine-learning/crash-course/classification/roc-and-auc}",
}

@article{juliani_ellefmo_2019, 
  title={Prospectivity Mapping of Mineral Deposits in Northern Norway Using Radial Basis Function Neural Networks}, 
  volume={9}, 
  DOI={10.3390/min9020131}, 
  number={2}, 
  journal={Minerals}, 
  author={Juliani, Cyril and Ellefmo, Steinar}, 
  year={2019}, 
  pages={131}
} 

@misc{cnn_image,
    author =       {Meghna Asthana},
	title =        {Introduction to Convolutional Neural Networks},
	howpublished = "In: \emph{Medium} [Online]. [cited on 20 April 2021]. Available from: \url{https://medium.com/analytics-vidhya/introduction-to-convolutional-neural-networks-c50f41e3bc66}",
}

@misc{convolution_op,
    author =       {Anh H. Reynolds},
	title =        {Convolutional Neural Networks (CNNs)},
	howpublished = "In: \emph{Anh H. Reynolds} [Online]. [cited on 20 April 2021]. Available from: \url{https://anhreynolds.com/blogs/cnn.html}",
}

@article{yani_budhi_2019, 
  title={Application of Transfer Learning Using Convolutional Neural Network Method for Early Detection of Terry’s Nail}, 
  volume={1201}, 
  DOI={10.1088/1742-6596/1201/1/012052}, 
  journal={Journal of Physics: Conference Series}, 
  author={{Yani, Muhamad and Budhi Irawan, S, Si., and Casi Setiningsih, S.T., M.T.}}, 
  year={2019}, 
  pages={012052}
} 

@article{PIZER1987355,
title = {Adaptive histogram equalization and its variations},
journal = {Computer Vision, Graphics, and Image Processing},
volume = {39},
number = {3},
pages = {355-368},
year = {1987},
issn = {0734-189X},
doi = {https://doi.org/10.1016/S0734-189X(87)80186-X},
url = {https://www.sciencedirect.com/science/article/pii/S0734189X8780186X},
author = {Stephen M. Pizer and E. Philip Amburn and John D. Austin and Robert Cromartie and Ari Geselowitz and Trey Greer and Bart {ter Haar Romeny} and John B. Zimmerman and Karel Zuiderveld},
}

@misc{opencv_clahe,
    author =       {{OpenCV contributors}},
	title =        {Histograms - 2: Histogram Equalization},
	howpublished = "In: \emph{OpenCV} [Online]. [cited on 30 April 2021]. Available from: \url{https://docs.opencv.org/master/d5/daf/tutorial_py_histogram_equalization.html}",
}

@misc{wiki_ahe,
    author =       {{Wikipedia contributors}},
	title =        {Adaptive histogram equalization},
	howpublished = "In: \emph{Wikipedia} [Online]. [cited on 30 April 2021]. Available from: \url{https://en.wikipedia.org/wiki/Adaptive_histogram_equalization#cite_note-clahe87-3}",
}

@article{DBLP:journals/corr/HeZRS15,
  author    = {Kaiming He and
               Xiangyu Zhang and
               Shaoqing Ren and
               Jian Sun},
  title     = {Deep Residual Learning for Image Recognition},
  journal   = {CoRR},
  volume    = {abs/1512.03385},
  year      = {2015},
  url       = {http://arxiv.org/abs/1512.03385},
  archivePrefix = {arXiv},
  eprint    = {1512.03385},
  timestamp = {Wed, 17 Apr 2019 17:23:45 +0200},
  biburl    = {https://dblp.org/rec/journals/corr/HeZRS15.bib}
}

@article{DBLP:journals/corr/HuangLW16a,
  author    = {Gao Huang and
               Zhuang Liu and
               Kilian Q. Weinberger},
  title     = {Densely Connected Convolutional Networks},
  journal   = {CoRR},
  volume    = {abs/1608.06993},
  year      = {2016},
  url       = {http://arxiv.org/abs/1608.06993},
  archivePrefix = {arXiv},
  eprint    = {1608.06993},
  timestamp = {Mon, 10 Sep 2018 15:49:32 +0200},
  biburl    = {https://dblp.org/rec/journals/corr/HuangLW16a.bib}
}

@article{DBLP:journals/corr/abs-1905-11946,
  author    = {Mingxing Tan and
               Quoc V. Le},
  title     = {EfficientNet: Rethinking Model Scaling for Convolutional Neural Networks},
  journal   = {CoRR},
  volume    = {abs/1905.11946},
  year      = {2019},
  url       = {http://arxiv.org/abs/1905.11946},
  archivePrefix = {arXiv},
  eprint    = {1905.11946},
  timestamp = {Mon, 03 Jun 2019 13:42:33 +0200},
  biburl    = {https://dblp.org/rec/journals/corr/abs-1905-11946.bib}
}

@article{DBLP:journals/corr/abs-1801-04381,
  author    = {Mark Sandler and
               Andrew G. Howard and
               Menglong Zhu and
               Andrey Zhmoginov and
               Liang{-}Chieh Chen},
  title     = {Inverted Residuals and Linear Bottlenecks: Mobile Networks for Classification,
               Detection and Segmentation},
  journal   = {CoRR},
  volume    = {abs/1801.04381},
  year      = {2018},
  url       = {http://arxiv.org/abs/1801.04381},
  archivePrefix = {arXiv},
  eprint    = {1801.04381},
  timestamp = {Tue, 12 Jan 2021 15:30:06 +0100},
  biburl    = {https://dblp.org/rec/journals/corr/abs-1801-04381.bib}
}

@article{DBLP:journals/corr/SzegedyLJSRAEVR14,
  author    = {Christian Szegedy and
               Wei Liu and
               Yangqing Jia and
               Pierre Sermanet and
               Scott E. Reed and
               Dragomir Anguelov and
               Dumitru Erhan and
               Vincent Vanhoucke and
               Andrew Rabinovich},
  title     = {Going Deeper with Convolutions},
  journal   = {CoRR},
  volume    = {abs/1409.4842},
  year      = {2014},
  url       = {http://arxiv.org/abs/1409.4842},
  archivePrefix = {arXiv},
  eprint    = {1409.4842},
  timestamp = {Mon, 13 Aug 2018 16:48:52 +0200},
  biburl    = {https://dblp.org/rec/journals/corr/SzegedyLJSRAEVR14.bib}
}

@misc{underfitting_overfitting,
    author =       {Rubiales Alberto},
	title =        {¿Qué es Underfitting y Overfitting?},
	howpublished = "In: \emph{Medium} [Online]. [cited on 23 April 2021]. Available from: \url{https://rubialesalberto.medium.com/qu\%C3\%A9-es-underfitting-y-overfitting-c73d51ffd3f9}",
}

@article{gencay_min_qi_2001, 
  title={Pricing and hedging derivative securities with neural networks: Bayesian regularization, early stopping, and bagging}, 
  volume={12}, 
  DOI={10.1109/72.935086}, 
  number={4}, 
  journal={IEEE Transactions on Neural Networks}, 
  author={Gencay, R. and Min Qi}, 
  year={2001}, 
  pages={726–734}
}

@article{dropout_art,
author = {Srivastava, Nitish and Hinton, Geoffrey and Krizhevsky, Alex and Sutskever, Ilya and Salakhutdinov, Ruslan},
title = {Dropout: A Simple Way to Prevent Neural Networks from Overfitting},
year = {2014},
issue_date = {January 2014},
publisher = {JMLR.org},
volume = {15},
number = {1},
issn = {1532-4435},
journal = {J. Mach. Learn. Res.},
month = jan,
pages = {1929–1958},
numpages = {30},
keywords = {model combination, deep learning, neural networks, regularization}
}

@article{ren_li_han_2019, 
  title={Tectonic discrimination of olivine in basalt using data mining techniques based on major elements: a comparative study from multiple perspectives}, 
  volume={3}, 
  DOI={10.1080/20964471.2019.1572452}, 
  number={1}, journal={Big Earth Data}, 
  author={Ren, Qiubing and Li, Mingchao and Han, Shuai}, 
  year={2019}, 
  pages={8–25}
} 

@book{Goodfellow-et-al-2016,
    title={Deep Learning},
    author={Ian Goodfellow and Yoshua Bengio and Aaron Courville},
    publisher={MIT Press},
    note={Also available at: \url{http://www.deeplearningbook.org}},
    year={2016},
    pages={231-236}
}

@misc{van_exp_gradients,
    author =       {{Grosse, R.}},
	title =        {Lecture 15: Exploding and Vanishing Gradients},
	howpublished = "In: \emph{University of Toronto Computer Science} [Online]. [cited on 24 April 2021]. Available from: \url{http://www.cs.toronto.edu/~rgrosse/courses/csc321_2017/readings/L15\%20Exploding\%20and\%20Vanishing\%20Gradients.pdf}",
}

@article{DBLP:journals/corr/HeZR015,
  author    = {Kaiming He and
               Xiangyu Zhang and
               Shaoqing Ren and
               Jian Sun},
  title     = {Delving Deep into Rectifiers: Surpassing Human-Level Performance on
               ImageNet Classification},
  journal   = {CoRR},
  volume    = {abs/1502.01852},
  year      = {2015},
  url       = {http://arxiv.org/abs/1502.01852},
  archivePrefix = {arXiv},
  eprint    = {1502.01852},
  timestamp = {Wed, 17 Apr 2019 17:23:45 +0200},
  biburl    = {https://dblp.org/rec/journals/corr/HeZR015.bib}
}

@article{DBLP:journals/corr/IoffeS15,
  author    = {Sergey Ioffe and
               Christian Szegedy},
  title     = {Batch Normalization: Accelerating Deep Network Training by Reducing
               Internal Covariate Shift},
  journal   = {CoRR},
  volume    = {abs/1502.03167},
  year      = {2015},
  url       = {http://arxiv.org/abs/1502.03167},
  archivePrefix = {arXiv},
  eprint    = {1502.03167},
  timestamp = {Mon, 13 Aug 2018 16:47:06 +0200},
  biburl    = {https://dblp.org/rec/journals/corr/IoffeS15.bib}
}

@article{DBLP:journals/corr/YuKF17,
  author    = {Fisher Yu and
               Vladlen Koltun and
               Thomas A. Funkhouser},
  title     = {Dilated Residual Networks},
  journal   = {CoRR},
  volume    = {abs/1705.09914},
  year      = {2017},
  url       = {http://arxiv.org/abs/1705.09914},
  archivePrefix = {arXiv},
  eprint    = {1705.09914},
  timestamp = {Mon, 13 Aug 2018 16:46:55 +0200},
  biburl    = {https://dblp.org/rec/journals/corr/YuKF17.bib}
}

@article{cui_zheng_gao_zhang_yang_ren_2019, 
  title={Multiscale Spatial-Spectral Convolutional Network with Image-Based Framework for Hyperspectral Imagery Classification}, 
  volume={11}, 
  DOI={10.3390/rs11192220}, 
  number={19}, 
  journal={Remote Sensing}, 
  author={Cui, Ximin and Zheng, Ke and Gao, Lianru and Zhang, Bing and Yang, Dong and Ren, Jinchang}, 
  year={2019}, 
  pages={2220}
} 

@article{feng_guan_li_zhang_luo_2017, 
  title={Audio visual speech recognition with multimodal recurrent neural networks}, 
  DOI={10.1109/ijcnn.2017.7965918}, 
  journal={2017 International Joint Conference on Neural Networks (IJCNN)}, 
  author={Feng, Weijiang and Guan, Naiyang and Li, Yuan and Zhang, Xiang and Luo, Zhigang}, 
  year={2017}
}

@article{yuan_li_wang_2020, 
  title={Nonlinear Dynamic Soft Sensor Modeling With Supervised Long Short-Term Memory Network}, 
  volume={16}, 
  DOI={10.1109/tii.2019.2902129}, 
  number={5}, 
  journal={IEEE Transactions on Industrial Informatics}, 
  author={Yuan, Xiaofeng and Li, Lin and Wang, Yalin}, 
  year={2020}, 
  pages={3168–3176}
} 

@article{DBLP:journals/corr/GirshickDDM13,
  author    = {Ross B. Girshick and
               Jeff Donahue and
               Trevor Darrell and
               Jitendra Malik},
  title     = {Rich feature hierarchies for accurate object detection and semantic
               segmentation},
  journal   = {CoRR},
  volume    = {abs/1311.2524},
  year      = {2013},
  url       = {http://arxiv.org/abs/1311.2524},
  archivePrefix = {arXiv},
  eprint    = {1311.2524},
  timestamp = {Mon, 13 Aug 2018 16:48:09 +0200}
}

@article{DBLP:journals/corr/ShelhamerLD16,
  author    = {Evan Shelhamer and
               Jonathan Long and
               Trevor Darrell},
  title     = {Fully Convolutional Networks for Semantic Segmentation},
  journal   = {CoRR},
  volume    = {abs/1605.06211},
  year      = {2016},
  url       = {http://arxiv.org/abs/1605.06211},
  archivePrefix = {arXiv},
  eprint    = {1605.06211},
  timestamp = {Mon, 13 Aug 2018 16:49:10 +0200},
  biburl    = {https://dblp.org/rec/journals/corr/ShelhamerLD16.bib}
}

@article{chawla_bowyer_hall_kegelmeyer_2002, 
  title={SMOTE: Synthetic Minority Over-sampling Technique}, 
  volume={16}, 
  DOI={10.1613/jair.953}, 
  journal={Journal of Artificial Intelligence Research}, 
  author={Chawla, N. V. and Bowyer, K. W. and Hall, L. O. and Kegelmeyer, W. P.}, 
  year={2002}, pages={321–357}
}

@INPROCEEDINGS{4633969,
  author={Haibo He and Yang Bai and Garcia, Edwardo A. and Shutao Li},
  booktitle={2008 IEEE International Joint Conference on Neural Networks (IEEE World Congress on Computational Intelligence)}, 
  title={ADASYN: Adaptive synthetic sampling approach for imbalanced learning}, 
  year={2008},
  pages={1322-1328},
  doi={10.1109/IJCNN.2008.4633969}
 }



